@article{Stolterman????Nature,
	author = {Stolterman, Erik},
	journal = {International Journal of Dsign},
	title = {The Nature of Design Practice and Implications for Interaction Design Research},
	url = {http://www.ijdesign.org/ojs/index.php/IJDesign/article/view/240}
}

@inproceedings{Mitchell2011Using,
	author = {Mitchell, Robb and Norgaard, M},
	booktitle = {Proc. of World Conference on Design Research IASDR},
	pages = {1-8},
	title = {Using DIY cartoon storyboards, live sketching and co-sketching to involve young and older users in participatory design},
	year = 2011
}

@inproceedings{Fallman2003DesignOriented,
	author = {Fallman, Daniel},
	booktitle = {Proceedings of the SIGCHI conference on Human factors in computing systems},
	pages = {225-232},
	publisher = {ACM},
	title = {Design-oriented human-computer interaction},
	url = {http://dl.acm.org/citation.cfm?id=642652},
	year = 2003
}

@inproceedings{Wang2012User,
	author = {Wang, Jinyi and Ramberg, Robert and Kuoppala, Hannu},
	booktitle = {Proc. of APCHI 2012: The 10th Asia Pacific Conference on Computer Human Interaction},
	pages = {481-490},
	shorttitle = {User Participatory Sketching},
	title = {User Participatory Sketching: A Complementary Approach to Gather User Requirements},
	url = {http://mobile-life.org/sites/default/files/User\%20Participatory\%20Sketching-\%20A\%20Complementary\%20Approach\%20to\%20Gather\%20User\%20Requirements.pdf},
	volume = 2,
	year = 2012
}

@inproceedings{Tholander2008Where,
	address = {New York, NY, USA},
	author = {Tholander, Jakob and Karlgren, Klas and Ramberg, Robert and SÃ¶kjer, Per},
	booktitle = {Proceedings of the 7th ACM Conference on Designing Interactive Systems},
	doi = {10.1145/1394445.1394493},
	isbn = {978-1-60558-002-9},
	pages = {445-454},
	publisher = {ACM},
	series = {DIS '08},
	shorttitle = {Where All the Interaction is},
	title = {Where All the Interaction is: Sketching in Interaction Design As an Embodied Practice},
	url = {http://doi.acm.org/10.1145/1394445.1394493},
	year = 2008
}

@article{Houde1997What,
	author = {Houde, Stephanie and Hill, Charles},
	journal = {Handbook of human-computer interaction},
	pages = {367-381},
	title = {What do prototypes prototype},
	url = {http://www.google.com/books?hl=en\&lr=\&id=WuQbERgXR10C\&oi=fnd\&pg=PA367\&dq=houde+hill\&ots=--wAlFTCkS\&sig=Kqz9qs1oUQvYcbuwIHpzpSTfe7A},
	volume = 2,
	year = 1997
}

@article{Bannon2012Design,
	author = {Bannon, Liam and Ehn, Pelle},
	journal = {Routledge International Handbook of Participatory Design},
	pages = 37,
	title = {Design matters in participatory design},
	url = {http://www.google.com/books?hl=en\&lr=\&id=SnO5JDzp3t4C\&oi=fnd\&pg=PA37\&dq=bannon+ehn\&ots=9DatLRjsuA\&sig=WO5OP1cXdp4GQZDUxBNo9GvqJCo},
	year = 2012
}
