
@article{younger_theory_1991,
	title = {A theory of mastery},
	volume = {14},
	pages = {76--89},
	number = {1},
	journaltitle = {Advances in Nursing Science},
	author = {Younger, Janet B},
	date = {1991},
	file = {ATheoryOfMastery.pdf:/Users/S-13/Library/Application Support/Zotero/Profiles/0o92n5lo.default/zotero/storage/RC9VQZX9/ATheoryOfMastery.pdf:application/pdf}
}