@article{Younger1991Theory,
	author = {Younger, Janet B},
	journal = {Advances in Nursing Science},
	number = 1,
	pages = {76-89},
	title = {A theory of mastery},
	volume = 14,
	year = 1991
}

@article{Bannon2012Design,
	author = {Bannon, Liam and Ehn, Pelle},
	journal = {Routledge International Handbook of Participatory Design},
	pages = 37,
	title = {Design matters in participatory design},
	url = {http://www.google.com/books?hl=en\&lr=\&id=SnO5JDzp3t4C\&oi=fnd\&pg=PA37\&dq=bannon+ehn\&ots=9DatLRjsuA\&sig=WO5OP1cXdp4GQZDUxBNo9GvqJCo},
	year = 2012
}

@article{Adam2005Delegating,
	author = {Adam, Alison},
	doi = {10.1007/s10676-006-0013-3},
	issn = {1388-1957, 1572-8439},
	journal = {Ethics and Information Technology},
	language = {en},
	number = 4,
	pages = {233-242},
	shorttitle = {Delegating and Distributing Morality},
	title = {Delegating and Distributing Morality: Can We Inscribe Privacy Protection in a Machine?},
	url = {http://link.springer.com/article/10.1007/s10676-006-0013-3},
	volume = 7,
	year = 2005
}

@inproceedings{Blevis2007Sustainable,
	author = {Blevis, Eli},
	booktitle = {Proceedings of the SIGCHI conference on Human factors in computing systems},
	pages = {503-512},
	publisher = {ACM},
	shorttitle = {Sustainable interaction design},
	title = {Sustainable interaction design: invention \& disposal, renewal \& reuse},
	url = {http://dl.acm.org/citation.cfm?id=1240705},
	year = 2007
}

@article{Bratteteig1997Design,
	author = {Bratteteig, Tone and Stolterman, Erik},
	journal = {Computers and design in context},
	pages = {289-316},
	title = {Design in groups-and all that jazz},
	url = {http://www.google.com/books?hl=en\&lr=\&id=-P2y2B\_oT1oC\&oi=fnd\&pg=PA289\&dq=stolterman+bratteteig\&ots=UbBKZCQDwH\&sig=freKAg5kRmXuOFKZJOK6RpmiSkU},
	year = 1997
}

@article{Bratteteig2004Making,
	author = {Bratteteig, Tone},
	journal = {Dealing with relations between design and use. Dr. Philos dissertation, Department of Informatics, University of Oslo},
	title = {Making change},
	year = 2004
}

@article{Bratteteig2007Design,
	author = {Bratteteig, Tone},
	journal = {Scandinavian Journal of Information Systems},
	number = 2,
	pages = 1,
	title = {Design research in informatics},
	url = {http://aisel.aisnet.org/cgi/viewcontent.cgi?article=1014\&context=sjis},
	volume = 19,
	year = 2007
}

@article{Buchanan1992Wicked,
	author = {Buchanan, Richard},
	journal = {Design issues},
	pages = {5-21},
	title = {Wicked problems in design thinking},
	url = {http://www.jstor.org/stable/1511637},
	year = 1992
}

@article{Castells2000Materials,
	author = {Castells, Manuel},
	journal = {The British journal of sociology},
	number = 1,
	pages = {5-24},
	title = {Materials for an exploratory theory of the network society1},
	url = {http://onlinelibrary.wiley.com/doi/10.1111/j.1468-4446.2000.00005.x/abstract},
	volume = 51,
	year = 2000
}

@article{Cavoukian2009Privacy,
	author = {Cavoukian, Ann},
	journal = {Information and Privacy Commissioner of Ontario, Canada},
	shorttitle = {Privacy by design},
	title = {Privacy by design: The 7 foundational principles},
	url = {https://www.iab.org/wp-content/IAB-uploads/2011/03/fred\_carter.pdf},
	year = 2009
}

@article{Cooper????Technoculture,
	author = {Cooper, sam},
	title = {Technoculture and critical theory}
}

@article{Cooper????TechnocultureandcriticaltheoryPdf,
	author = {Cooper, sam},
	title = {Technocultureandcriticaltheory.pdf}
}

@article{Coulson????Understanding,
	author = {Coulson, Seana and Cristobal Pagán Cánovas, },
	title = {Understanding Timelines: Conceptual Metaphor and Conceptual Integration}
}

@book{Ess2013Digital,
	author = {Ess, Charles},
	isbn = 9780745656052,
	language = {en},
	publisher = {Polity},
	title = {Digital Media Ethics},
	year = 2013
}

@inproceedings{Fallman2003DesignOriented,
	author = {Fallman, Daniel},
	booktitle = {Proceedings of the SIGCHI conference on Human factors in computing systems},
	pages = {225-232},
	publisher = {ACM},
	title = {Design-oriented human-computer interaction},
	url = {http://dl.acm.org/citation.cfm?id=642652},
	year = 2003
}

@article{Feenberg2010Ten,
	author = {Feenberg, Andrew},
	journal = {Techné: Research in Philosophy and Technology},
	number = 1,
	pages = {3-15},
	title = {Ten paradoxes of technology},
	url = {http://www.pdcnet.org/techne/content/techne\_2010\_0014\_0001\_0003\_0015},
	volume = 14,
	year = 2010
}

@inproceedings{Feng2008Thinking,
	author = {Feng, Patrick and Feenberg, Andrew},
	booktitle = {Philosophy and Design},
	copyright = {©2008 Springer Science+Business Media B.V.},
	isbn = {978-1-4020-6590-3, 978-1-4020-6591-0},
	language = {en},
	pages = {105-118},
	publisher = {Springer Netherlands},
	shorttitle = {Thinking about Design},
	title = {Thinking about Design: Critical Theory of Technology and the Design Process},
	url = {http://link.springer.com/chapter/10.1007/978-1-4020-6591-0\_8},
	year = 2008
}

@book{Frayling1993Research,
	author = {Frayling, Christopher},
	publisher = {Royal College of Art London},
	title = {Research in art and design},
	url = {http://www.opengrey.eu/item/display/10068/492065},
	year = 1993
}

@article{Friedman2008Data,
	author = {Friedman, Vitaly},
	journal = {Graphics, Monday Inspiration},
	pages = 2008,
	title = {Data visualization and infographics},
	volume = 14,
	year = 2008
}

@inproceedings{Galloway2006Collective,
	author = {Galloway, Anne},
	booktitle = {Designing for Collective Remembering Workshop, CHI},
	shorttitle = {Collective remembering and the importance of forgetting},
	title = {Collective remembering and the importance of forgetting: a critical design challenge},
	url = {http://www.purselipsquarejaw.org/papers/galloway\_chi2006.pdf},
	volume = 23,
	year = 2006
}

@article{Ganoe2003Classroom,
	author = {Ganoe, Craig H and Somervell, Jacob P. and Neale, Dennis C. and Isenhour, Phillip L. and Carrol, John M. and Rosson, Mary Beth and McCrickard, Scott},
	journal = {Center for Human Computer Interaction},
	title = {Classroom BRIGDE: using collaborative public and desktop timelines to support activity awarenesss},
	year = 2003
}

@article{Gill2010Presenting,
	author = {J. Gill and T. Chearman and M. Carey and S. Nijjer and F. Cross},
	doi = {10.1258/shorts.2010.010012},
	number = 4,
	pages = {29-29},
	title = {Presenting patient data in the electronic care record: the role of timelines},
	volume = 1,
	year = 2010
}

@book{Haase2012Technology,
	address = {Don Mills, Ont},
	author = {Quan-Haase, Anabel},
	isbn = 9780195437836,
	language = {English},
	publisher = {Oxford University Press},
	shorttitle = {Technology and Society},
	title = {Technology and Society: Social Networks, Work, and Inequality},
	year = 2012
}

@article{Haraway1988Situated,
	author = {Haraway, Donna},
	journal = {Feminist studies},
	pages = {575-599},
	shorttitle = {Situated knowledges},
	title = {Situated knowledges: The science question in feminism and the privilege of partial perspective},
	url = {http://www.jstor.org/stable/3178066},
	year = 1988
}

@book{Healy2006Unanticipated,
	author = {Healy, Tim},
	publisher = {The MIT Press},
	title = {The unanticipated consequences of technology},
	url = {http://www.scu.edu/ethics/publications/submitted/healy/consequences.html},
	year = 2006
}

@article{Heidegger1954Question,
	author = {Heidegger, Martin},
	journal = {Technology and values: Essential readings},
	pages = {99-113},
	title = {The question concerning technology},
	url = {http://www.google.com/books?hl=en\&lr=\&id=BgYc9\_ldWFYC\&oi=fnd\&pg=PA99\&dq=the+question+concerning+technology+\&ots=wvJzM5UHv5\&sig=lNH987cmo4I9GMC8K0ORsvEToSU},
	year = 1954
}

@inproceedings{Irani2010Postcolonial,
	address = {New York, NY, USA},
	author = {Irani, Lilly and Vertesi, Janet and Dourish, Paul and Philip, Kavita and Grinter, Rebecca E.},
	booktitle = {Proceedings of the SIGCHI Conference on Human Factors in Computing Systems},
	doi = {10.1145/1753326.1753522},
	isbn = {978-1-60558-929-9},
	pages = {1311-1320},
	publisher = {ACM},
	series = {CHI '10},
	shorttitle = {Postcolonial Computing},
	title = {Postcolonial Computing: A Lens on Design and Development},
	url = {http://doi.acm.org/10.1145/1753326.1753522},
	year = 2010
}

@article{Jung2011How,
	author = {Jung, Heekyoung and Bardzell, Shaowen and Blevis, Eli and Pierce, James and Stolterman, Erik},
	journal = {International Journal of Design},
	number = 1,
	pages = {59-71},
	shorttitle = {How deep is your love},
	title = {How deep is your love: Deep narratives of ensoulment and heirloom status},
	url = {http://www.ijdesign.org/ojs/index.php/IJDesign/article/view/854},
	volume = 5,
	year = 2011
}

@book{Kaptelinin2006Acting,
	author = {Kaptelinin, Victor and Nardi, Bonnie A.},
	publisher = {Mit Press},
	shorttitle = {Acting with technology},
	title = {Acting with technology: Activity theory and interaction design},
	url = {http://www.google.com/books?hl=en\&lr=\&id=qYj6AQAAQBAJ\&oi=fnd\&pg=PP8\&dq=acting+with+technology\&ots=cJJ5ONFSgP\&sig=gj8zaWuY3qTWEiJwcW4ijhJG5JY},
	year = 2006
}

@article{Kensing2013Heritage,
	author = {Kensing, Finn and Greenbaum, Joan},
	journal = {Routledge International Handbook of Participatory Design, Routledge},
	pages = {21-36},
	shorttitle = {Heritage},
	title = {Heritage: having a say},
	year = 2013
}

@article{Kiran2012Responsible,
	author = {Kiran, Asle H.},
	journal = {Philosophy and Technology},
	number = 2,
	pages = {179-198},
	title = {Responsible Design. A Conceptual Look at Interdependent Design-Use Dynamics},
	volume = 25,
	year = 2012
}

@article{Latour2004Why,
	author = {Latour, Bruno},
	copyright = {Copyright © 2004 The University of Chicago Press},
	doi = {10.1086/ci.2004.30.issue-2},
	issn = {0093-1896},
	journal = {Critical Inquiry},
	number = 2,
	pages = {225-248},
	shorttitle = {Why Has Critique Run out of Steam?},
	title = {Why Has Critique Run out of Steam? From Matters of Fact to Matters of Concern},
	url = {http://www.jstor.org/stable/10.1086/421123},
	volume = 30,
	year = 2004
}

@book{Loewgren2004Thoughtful,
	author = {Löwgren, Jonas and Stolterman, Erik},
	publisher = {MIT Press Cambridge, MA},
	title = {Thoughtful interaction design},
	url = {https://wiki.sfu.ca/spring10/iat832g100/images/5/53/Lowgren-Stolterman-ch3-Thoughtful\_Interaction\_Design.pdf},
	year = 2004
}

@article{Momen2013Using,
	author = {Natalie Momen and Marilyn Kendall and Stephen Barclay and Scott Murray},
	doi = {10.1017/S1463423612000618},
	number = 04,
	pages = {403-408},
	title = {Using timelines to depict patient journeys: a development for research methods and clinical care review},
	volume = 14,
	year = 2013
}

@article{Patrignani2014Slow,
	author = {Norberto Patrignani and Diane Whitehouse},
	doi = {10.1108/JICES-11-2013-0051},
	issn = {1477-996X},
	journal = {Journal of Information, Communication and Ethics in Society},
	number = 2,
	pages = {78-92},
	shorttitle = {Slow Tech},
	title = {Slow Tech: a quest for good, clean and fair ICT},
	url = {http://www.emeraldinsight.com/doi/full/10.1108/JICES-11-2013-0051},
	volume = 12,
	year = 2014
}

@inproceedings{Robertson1997Cooperative,
	author = {Robertson, Toni},
	booktitle = {Proceedings of the Fifth European Conference on Computer Supported Cooperative Work},
	pages = {205-220},
	publisher = {Springer},
	shorttitle = {Cooperative work and lived cognition},
	title = {Cooperative work and lived cognition: a taxonomy of embodied actions},
	url = {http://link.springer.com/chapter/10.1007/978-94-015-7372-6\_14},
	year = 1997
}

@article{Robertson2006Ethical,
	author = {Robertson, Toni},
	doi = {10.1007/s10676-005-8308-3},
	issn = {1388-1957},
	journal = {Ethics and Inf. Technol.},
	number = 2,
	pages = {49-59},
	title = {Ethical Issues in Interaction Design},
	url = {http://dx.doi.org/10.1007/s10676-005-8308-3},
	volume = 8,
	year = 2006
}

@article{Robertson2013Ethics,
	author = {Robertson, Toni and Wagner, Ina},
	shorttitle = {Ethics},
	title = {Ethics: Engagement, representation and politics-in-action},
	url = {https://opus.lib.uts.edu.au/research/handle/10453/28278},
	year = 2013
}

@article{Roosth2009Science,
	author = {Roosth, Sophia and Silbey, Susan},
	journal = {Social Theory},
	pages = 451,
	shorttitle = {Science and Technology Studies},
	title = {Science and Technology Studies: From Controversies to Posthumanist Social Theory},
	url = {http://www.google.com/books?hl=en\&lr=\&id=Ku51GZC6FwcC\&oi=fnd\&pg=PA451\&dq=science+and+technology+studies+Roosth\&ots=RyaYMu6Gbs\&sig=\_tZQ3JZIJ4rdBwi1kesM95ZW4VI},
	year = 2009
}

@book{Schoenberger2011Delete,
	author = {Mayer-Schönberger, Viktor},
	publisher = {Princeton University Press},
	shorttitle = {Delete},
	title = {Delete: the virtue of forgetting in the digital age},
	url = {http://www.google.com/books?hl=en\&lr=\&id=ZrqvYOBm\_sMC\&oi=fnd\&pg=PP2\&dq=delete:+the+virtue\&ots=6o8wP1EOhR\&sig=zp6bTb4970jhmFjzSUYZcyLwsf0},
	year = 2011
}

@book{Schoenberger2011Deletea,
	author = {Mayer-Schönberger, Viktor},
	publisher = {Princeton University Press},
	shorttitle = {Delete},
	title = {Delete: the virtue of forgetting in the digital age},
	url = {http://www.google.com/books?hl=en\&lr=\&id=ZrqvYOBm\_sMC\&oi=fnd\&pg=PP2\&dq=delete:+the+virtue\&ots=6o8wP1EOhR\&sig=zp6bTb4970jhmFjzSUYZcyLwsf0},
	year = 2011
}

@article{Shilton2013Values,
	author = {Shilton, Katie},
	doi = {10.1177/0162243912436985},
	issn = {0162-2439, 1552-8251},
	journal = {Science, Technology \& Human Values},
	language = {en},
	number = 3,
	pages = {374-397},
	title = {Values Levers Building Ethics into Design},
	url = {http://sth.sagepub.com/content/38/3/374},
	volume = 38,
	year = 2013
}

@article{Shirky2011Political,
	author = {Shirky, Clay},
	journal = {Foreign Affairs},
	pages = 28,
	title = {Political Power of Social Media - Technology, the Public Sphere Sphere, and Political Change, The},
	url = {http://heinonline.org/HOL/Page?handle=hein.journals/fora90\&id=34\&div=\&collection=journals},
	volume = 90,
	year = 2011
}

@book{Simonsen2012Routledge,
	author = {Simonsen, Jesper and Robertson, Toni},
	publisher = {Routledge},
	title = {Routledge international handbook of participatory design},
	url = {http://www.google.com/books?hl=en\&lr=\&id=SnO5JDzp3t4C\&oi=fnd\&pg=PP2\&dq=participatory+design+toni+robertson+ina+wagner\&ots=9DatLQrust\&sig=kifHEbFr8s9Srppac0jqUx2783o},
	year = 2012
}

@article{Suchman2002Located,
	author = {Suchman, Lucy},
	journal = {Scandinavian journal of information systems},
	number = 2,
	pages = 7,
	title = {Located accountabilities in technology production},
	url = {http://aisel.aisnet.org/cgi/viewcontent.cgi?article=1082\&context=sjis},
	volume = 14,
	year = 2002
}

@inproceedings{Theophilus2010Being,
	address = {New York, NY, USA},
	author = {Winschiers-Theophilus, Heike and Chivuno-Kuria, Shilumbe and Kapuire, Gereon Koch and Bidwell, Nicola J. and Blake, Edwin},
	booktitle = {Proceedings of the 11th Biennial Participatory Design Conference},
	doi = {10.1145/1900441.1900443},
	isbn = {978-1-4503-0131-2},
	pages = {1-10},
	publisher = {ACM},
	series = {PDC '10},
	shorttitle = {Being Participated},
	title = {Being Participated: A Community Approach},
	url = {http://doi.acm.org/10.1145/1900441.1900443},
	year = 2010
}

@article{Twenge2013Does,
	author = {Twenge, Jean M.},
	doi = {10.1515/jcc-2013-0003},
	issn = {1940-1639},
	journal = {Journal of College and Character},
	number = 1,
	pages = {11-20},
	title = {Does Online Social Media Lead to Social Connection or Social Disconnection?},
	url = {http://www.degruyter.com/view/j/jcc.2013.14.issue-1/jcc-2013-0003/jcc-2013-0003.xml},
	volume = 14,
	year = 2013
}

@article{Velden2008WhatS,
	author = {Van der Velden, Maja},
	journal = {On ethics and accountability in telling technology stories},
	title = {What’s Love Got to Do with IT},
	year = 2008
}

@article{Velden2011Between,
	author = {Velden, Maja van der and Mörtberg, Christina},
	doi = {10.1177/0162243911401632},
	issn = {0162-2439, 1552-8251},
	journal = {Science, Technology \& Human Values},
	language = {en},
	pages = 0162243911401632,
	shorttitle = {Between Need and Desire},
	title = {Between Need and Desire: Exploring Strategies for Gendering Design},
	url = {http://sth.sagepub.com/content/early/2011/03/12/0162243911401632},
	year = 2011
}

@inproceedings{Velden2014RePoliticising,
	author = {Van der Velden, Maja},
	title = {Re-politicising participatory design: What can we learn from Fairphone},
	year = 2014
}

@article{Verbeek2006Materializing,
	author = {Verbeek, Peter-Paul},
	doi = {10.1177/0162243905285847},
	issn = {0162-2439, 1552-8251},
	journal = {Science, Technology \& Human Values},
	language = {en},
	number = 3,
	pages = {361-380},
	title = {Materializing Morality Design Ethics and Technological Mediation},
	url = {http://sth.sagepub.com/content/31/3/361},
	volume = 31,
	year = 2006
}

@inproceedings{Verbeek2008Morality,
	author = {Verbeek, Peter-Paul},
	booktitle = {Philosophy and Design},
	copyright = {©2008 Springer Science+Business Media B.V.},
	isbn = {978-1-4020-6590-3, 978-1-4020-6591-0},
	language = {en},
	pages = {91-103},
	publisher = {Springer Netherlands},
	shorttitle = {Morality in Design},
	title = {Morality in Design: Design Ethics and the Morality of Technological Artifacts},
	url = {http://link.springer.com/chapter/10.1007/978-1-4020-6591-0\_7},
	year = 2008
}

@article{Winner1980Do,
	author = {Winner, Langdon},
	journal = {Daedalus},
	pages = {121-136},
	title = {Do artifacts have politics?},
	url = {http://www.jstor.org/stable/20024652},
	year = 1980
}

@article{Winner1993Upon,
	author = {Winner, Langdon},
	copyright = {Copyright © 1993 Sage Publications, Inc.},
	issn = {0162-2439},
	journal = {Science, Technology, \& Human Values},
	number = 3,
	pages = {362-378},
	shorttitle = {Upon Opening the Black Box and Finding It Empty},
	title = {Upon Opening the Black Box and Finding It Empty: Social Constructivism and the Philosophy of Technology},
	url = {http://www.jstor.org/stable/689726},
	volume = 18,
	year = 1993
}

@article{Wolcott2002Writing,
	author = {Wolcott, Harry F.},
	journal = {Qualitative Health Research},
	number = 1,
	pages = {91-103},
	title = {Writing up qualitative research... better},
	url = {http://qhr.sagepub.com/content/12/1/91.short},
	volume = 12,
	year = 2002
}

@article{Woodhouse2004Design,
	author = {Woodhouse, Edward and Patton, Jason W.},
	doi = {10.1162/0747936041423262},
	issn = {0747-9360},
	journal = {Design Issues},
	number = 3,
	pages = {1-12},
	shorttitle = {Design by Society},
	title = {Design by Society: Science and Technology Studies and the Social Shaping of Design},
	url = {http://dx.doi.org/10.1162/0747936041423262},
	volume = 20,
	year = 2004
}

@article{Wyatt2008Technological,
	author = {Wyatt, Sally},
	journal = {MIT Press, Cambridge, MA},
	pages = {165-180},
	title = {Technological determinism is dead; long live technological determinism},
	year = 2008
}

@article{Yakura2002Charting,
	author = {Yakura, Elaine K},
	journal = {The Academy of Management Journal},
	number = {Oct},
	pages = {956-970},
	title = {Charting time: Timelines as Temporal Boundary Objects},
	volume = 45,
	year = 2002
}

@inproceedings{Zimmerman2007Research,
	author = {Zimmerman, John and Forlizzi, Jodi and Evenson, Shelley},
	booktitle = {Proceedings of the SIGCHI conference on Human factors in computing systems},
	pages = {493-502},
	publisher = {ACM},
	title = {Research through design as a method for interaction design research in HCI},
	url = {http://dl.acm.org/citation.cfm?id=1240704},
	year = 2007
}

@inproceedings{Zimmerman2010Analysis,
	address = {New York, NY, USA},
	author = {Zimmerman, John and Stolterman, Erik and Forlizzi, Jodi},
	booktitle = {Proceedings of the 8th ACM Conference on Designing Interactive Systems},
	doi = {10.1145/1858171.1858228},
	isbn = {978-1-4503-0103-9},
	pages = {310-319},
	publisher = {ACM},
	series = {DIS '10},
	shorttitle = {An Analysis and Critique of Research Through Design},
	title = {An Analysis and Critique of Research Through Design: Towards a Formalization of a Research Approach},
	url = {http://doi.acm.org/10.1145/1858171.1858228},
	year = 2010
}

@inproceedings{Zimmerman2010Analysisa,
	author = {Zimmerman, John and Stolterman, Erik and Forlizzi, Jodi},
	booktitle = {Proceedings of the 8th ACM Conference on Designing Interactive Systems},
	pages = {310-319},
	publisher = {ACM},
	shorttitle = {An analysis and critique of Research through Design},
	title = {An analysis and critique of Research through Design: towards a formalization of a research approach},
	url = {http://dl.acm.org/citation.cfm?id=1858228},
	year = 2010
}
