@article{Adam2005Delegating,
	author = {Adam, Alison},
	doi = {10.1007/s10676-006-0013-3},
	issn = {1388-1957, 1572-8439},
	journal = {Ethics and Information Technology},
	language = {en},
	number = 4,
	pages = {233-242},
	shorttitle = {Delegating and Distributing Morality},
	title = {Delegating and Distributing Morality: Can We Inscribe Privacy Protection in a Machine?},
	url = {http://link.springer.com/article/10.1007/s10676-006-0013-3},
	volume = 7,
	year = 2005
}

@article{Younger1991Theory,
	author = {Younger, Janet B},
	journal = {Advances in Nursing Science},
	number = 1,
	pages = {76-89},
	title = {A theory of mastery},
	volume = 14,
	year = 1991
}

@article{Kvale2006Dominance,
	author = {Kvale, Steinar},
	journal = {Qualitative inquiry},
	number = 3,
	pages = {480-500},
	title = {Dominance through interviews and dialogues},
	volume = 12,
	year = 2006
}

@book{Levine2008Geography,
	author = {Levine, Robert N.},
	publisher = {Basic Books},
	shorttitle = {A geography of time},
	title = {A geography of time: On tempo, culture, and the pace of life},
	url = {https://www.google.com/books?hl=no\&lr=\&id=PgAAbvdoGuwC\&oi=fnd\&pg=PR7\&dq=a+geography+of+time\&ots=xjD7vr4LLa\&sig=hs5uii-AhSxRrbaqeABthV0unqU},
	year = 2008
}

@article{Braun2006Using,
	author = {Braun, Virginia and Clarke, Victoria},
	doi = {10.1191/1478088706qp063oa},
	issn = {1478-0887, 1478-0895},
	journal = {Qualitative Research in Psychology},
	language = {en},
	number = 2,
	pages = {77-101},
	title = {Using thematic analysis in psychology},
	url = {http://www.tandfonline.com/doi/abs/10.1191/1478088706qp063oa},
	volume = 3,
	year = 2006
}

@inproceedings{Blevis2007Sustainable,
	author = {Blevis, Eli},
	booktitle = {Proceedings of the SIGCHI conference on Human factors in computing systems},
	pages = {503-512},
	publisher = {ACM},
	shorttitle = {Sustainable interaction design},
	title = {Sustainable interaction design: invention \& disposal, renewal \& reuse},
	url = {http://dl.acm.org/citation.cfm?id=1240705},
	year = 2007
}

@book{Simonsen2012Routledge,
	author = {Simonsen, Jesper and Robertson, Toni},
	publisher = {Routledge},
	title = {Routledge international handbook of participatory design},
	url = {http://www.google.com/books?hl=en\&lr=\&id=SnO5JDzp3t4C\&oi=fnd\&pg=PP2\&dq=participatory+design+toni+robertson+ina+wagner\&ots=9DatLQrust\&sig=kifHEbFr8s9Srppac0jqUx2783o},
	year = 2012
}

@inproceedings{Hagen2010Social,
	author = {Hagen, Penny and Robertson, Toni},
	booktitle = {Proceedings of the 11th Biennial Participatory Design Conference},
	pages = {31-40},
	publisher = {ACM},
	shorttitle = {Social technologies},
	title = {Social technologies: challenges and opportunities for participation},
	url = {http://dl.acm.org/citation.cfm?id=1900447},
	year = 2010
}

@article{Robertson2006Ethical,
	author = {Robertson, Toni},
	doi = {10.1007/s10676-005-8308-3},
	issn = {1388-1957},
	journal = {Ethics and Inf. Technol.},
	number = 2,
	pages = {49-59},
	title = {Ethical Issues in Interaction Design},
	url = {http://dx.doi.org/10.1007/s10676-005-8308-3},
	volume = 8,
	year = 2006
}

@article{Kensing1998Participatory,
	author = {Kensing, Finn and Blomberg, Jeanette},
	journal = {Computer Supported Cooperative Work (CSCW)},
	number = {3-4},
	pages = {167-185},
	shorttitle = {Participatory design},
	title = {Participatory design: Issues and concerns},
	url = {http://link.springer.com/article/10.1023/A:1008689307411},
	volume = 7,
	year = 1998
}

@article{Spinuzzi2005Methodology,
	author = {Spinuzzi, Clay},
	journal = {Technical Communication},
	number = 2,
	pages = {163-174},
	title = {The methodology of participatory design},
	url = {http://www.ingentaconnect.com/content/stc/tc/2005/00000052/00000002/art00005},
	volume = 52,
	year = 2005
}

@article{Kensing2013Heritage,
	author = {Kensing, Finn and Greenbaum, Joan},
	journal = {Routledge International Handbook of Participatory Design, Routledge},
	pages = {21-36},
	shorttitle = {Heritage},
	title = {Heritage: having a say},
	year = 2013
}

@inproceedings{Velden2014RePoliticising,
	author = {Van der Velden, Maja},
	title = {Re-politicising participatory design: What can we learn from Fairphone},
	year = 2014
}

@book{Loewgren2004Thoughtful,
	author = {Löwgren, Jonas and Stolterman, Erik},
	publisher = {MIT Press Cambridge, MA},
	title = {Thoughtful interaction design},
	url = {https://wiki.sfu.ca/spring10/iat832g100/images/5/53/Lowgren-Stolterman-ch3-Thoughtful\_Interaction\_Design.pdf},
	year = 2004
}

@article{Sanders2008CoCreation,
	author = {Sanders, Elizabeth B.-N. and Stappers, Pieter Jan},
	journal = {Co-design},
	number = 1,
	pages = {5-18},
	title = {Co-creation and the new landscapes of design},
	url = {http://www.tandfonline.com/doi/abs/10.1080/15710880701875068},
	volume = 4,
	year = 2008
}

@article{Bratteteig1997Design,
	author = {Bratteteig, Tone and Stolterman, Erik},
	journal = {Computers and design in context},
	pages = {289-316},
	title = {Design in groups-and all that jazz},
	url = {http://www.google.com/books?hl=en\&lr=\&id=-P2y2B\_oT1oC\&oi=fnd\&pg=PA289\&dq=stolterman+bratteteig\&ots=UbBKZCQDwH\&sig=freKAg5kRmXuOFKZJOK6RpmiSkU},
	year = 1997
}

@book{Bratteteig2013Organising,
	author = {Bratteteig, Tone and Bødker, Keld and Dittrich, Yvonne and Mogensen, Preben Holst and Simonsen, Jesper},
	publisher = {Routledge, New York},
	title = {Organising principles and general guidelines for Participatory Design Projects},
	url = {https://www.google.com/books?hl=no\&lr=\&id=SnO5JDzp3t4C\&oi=fnd\&pg=PA117\&dq=bratteteig+participatory+design\&ots=9DbtIRlusv\&sig=c\_J-he9oSbr0CEGNcbAC6QlnHk4},
	year = 2013
}

@inproceedings{Feng2008Thinking,
	author = {Feng, Patrick and Feenberg, Andrew},
	booktitle = {Philosophy and Design},
	copyright = {©2008 Springer Science+Business Media B.V.},
	isbn = {978-1-4020-6590-3, 978-1-4020-6591-0},
	language = {en},
	pages = {105-118},
	publisher = {Springer Netherlands},
	shorttitle = {Thinking about Design},
	title = {Thinking about Design: Critical Theory of Technology and the Design Process},
	url = {http://link.springer.com/chapter/10.1007/978-1-4020-6591-0\_8},
	year = 2008
}

@inproceedings{Velden2014Participatory,
	author = {Velden, Maja van der and Mörtberg, Christina},
	booktitle = {Handbook of Ethics, Values, and Technological Design},
	copyright = {©2014 Springer Science+Business Media Dordrecht},
	editor = {Hoven, Jeroen van den and Vermaas, Pieter E. and Poel, Ibo van de},
	isbn = {978-94-007-6994-6},
	language = {en},
	pages = {1-22},
	publisher = {Springer Netherlands},
	title = {Participatory Design and Design for Values},
	url = {http://link.springer.com/referenceworkentry/10.1007/978-94-007-6994-6\_33-1},
	year = 2014
}

@book{Tufte1990Envisioning,
	address = {Cheshire, Connecticut},
	author = {Tufte, Edward R.},
	isbn = 9780961392116,
	language = {English},
	publisher = {Graphics Press},
	title = {Envisioning Information},
	year = 1990
}
