@article{Braun2006Using,
	author = {Braun, Virginia and Clarke, Victoria},
	doi = {10.1191/1478088706qp063oa},
	issn = {1478-0887, 1478-0895},
	journal = {Qualitative Research in Psychology},
	language = {en},
	number = 2,
	pages = {77-101},
	title = {Using thematic analysis in psychology},
	url = {http://www.tandfonline.com/doi/abs/10.1191/1478088706qp063oa},
	volume = 3,
	year = 2006
}
