@article{Adam2005Delegating,
	author = {Adam, Alison},
	doi = {10.1007/s10676-006-0013-3},
	issn = {1388-1957, 1572-8439},
	journal = {Ethics and Information Technology},
	language = {en},
	number = 4,
	pages = {233-242},
	shorttitle = {Delegating and Distributing Morality},
	title = {Delegating and Distributing Morality: Can We Inscribe Privacy Protection in a Machine?},
	url = {http://link.springer.com/article/10.1007/s10676-006-0013-3},
	volume = 7,
	year = 2005
}
