@article{Younger1991Theory,
	author = {Younger, Janet B},
	journal = {Advances in Nursing Science},
	number = 1,
	pages = {76-89},
	title = {A theory of mastery},
	volume = 14,
	year = 1991
}

@inproceedings{Sanders2010Framework,
	author = {Sanders, Elizabeth B-N and Brandt, Eva and Binder, Thomas},
	booktitle = {Proceedings of the 11th biennial participatory design conference},
	pages = {195-198},
	publisher = {ACM},
	title = {A framework for organizing the tools and techniques of participatory design},
	year = 2010
}
