@article{Kvale2006Dominance,
	author = {Kvale, Steinar},
	journal = {Qualitative inquiry},
	number = 3,
	pages = {480-500},
	title = {Dominance through interviews and dialogues},
	volume = 12,
	year = 2006
}

@article{Sharp2007Interaction,
	author = {Sharp, Helen and Rogers, Yvonne and Preece, Jenny},
	journal = 2002,
	title = {Interaction design: beyond human-computer interaction},
	year = 2007
}

@book{Kvale2009Interviews,
	author = {Kvale, Steinar and Brinkmann, Svend},
	publisher = {Sage},
	title = {Interviews: Learning the craft of qualitative research interviewing},
	year = 2009
}

@article{Kvale1983Qualitative,
	author = {Kvale, Steinar},
	journal = {Journal of phenomenological psychology},
	title = {The qualitative research interview: A phenomenological and a hermeneutical mode of understanding.},
	year = 1983
}
