@book{Levine2008Geography,
	author = {Levine, Robert N.},
	publisher = {Basic Books},
	shorttitle = {A geography of time},
	title = {A geography of time: On tempo, culture, and the pace of life},
	url = {https://www.google.com/books?hl=en\&lr=\&id=PgAAbvdoGuwC\&oi=fnd\&pg=PR7\&dq=a+geography+of+time\&ots=xjD1wn8HCh\&sig=uMXqlgOI5SA9-RbZUOZuMHSsQz0},
	year = 2008
}

@book{Cummings2005Girl,
	author = {Cummings, Ray},
	publisher = {U of Nebraska Press},
	title = {The girl in the golden atom},
	url = {https://www.google.com/books?hl=no\&lr=\&id=tA647bGiWwsC\&oi=fnd\&pg=PA1\&dq=the+girl+in+the+golden+atom\&ots=aYDWvhyJL6\&sig=8KrvaB-GMZ9VaD9aUWC3UgAMcuI},
	year = 2005
}

@article{Boroditsky2000Metaphoric,
	author = {Boroditsky, Lera},
	journal = {Cognition},
	number = 1,
	pages = {1-28},
	shorttitle = {Metaphoric structuring},
	title = {Metaphoric structuring: Understanding time through spatial metaphors},
	url = {http://www.sciencedirect.com/science/article/pii/S0010027799000736},
	volume = 75,
	year = 2000
}

@article{Weger2008Time,
	author = {Weger, Ulrich W. and Pratt, Jay},
	journal = {Psychonomic Bulletin \& Review},
	number = 2,
	pages = {426-430},
	shorttitle = {Time flies like an arrow},
	title = {Time flies like an arrow: Space-time compatibility effects suggest the use of a mental timeline},
	url = {http://link.springer.com/article/10.3758/PBR.15.2.426},
	volume = 15,
	year = 2008
}

@article{Bonato2012When,
	author = {Bonato, Mario and Zorzi, Marco and Umilt√†, Carlo},
	journal = {Neuroscience \& Biobehavioral Reviews},
	number = 10,
	pages = {2257-2273},
	shorttitle = {When time is space},
	title = {When time is space: evidence for a mental time line},
	url = {http://www.sciencedirect.com/science/article/pii/S014976341200139X},
	volume = 36,
	year = 2012
}

@book{Zimbardo2008Time,
	author = {Zimbardo, Philip and Boyd, John},
	publisher = {Simon and Schuster},
	shorttitle = {The time paradox},
	title = {The time paradox: The new psychology of time that will change your life},
	url = {https://www.google.com/books?hl=no\&lr=\&id=cE2z35C\_IlwC\&oi=fnd\&pg=PR11\&dq=the+time+paradox\&ots=3WermE7Rdt\&sig=\_Y5wYAEZy6wgXN4kSlNu\_gy8xS8},
	year = 2008
}
