@book{Tufte1990Envisioning,
	address = {Cheshire, Connecticut},
	author = {Tufte, Edward R.},
	isbn = 9780961392116,
	language = {English},
	publisher = {Graphics Press},
	title = {Envisioning Information},
	year = 1990
}

@book{Lidwell2010Universal,
	author = {Lidwell, William and Holden, Kritina and Butler, Jill},
	publisher = {Rockport Pub},
	shorttitle = {Universal principles of design, revised and updated},
	title = {Universal principles of design, revised and updated: 125 ways to enhance usability, influence perception, increase appeal, make better design decisions, and teach through design},
	url = {https://books.google.com/books?hl=en\&lr=\&id=3RFyaF7jCZsC\&oi=fnd\&pg=PA3\&dq=lidwell+universal+design+principles\&ots=x6MZfGuYBm\&sig=2bLFwQGaOSbrTo\_9tVwfc32lTiE},
	year = 2010
}

@article{Friedman2008Data,
	author = {Friedman, Vitaly},
	journal = {Graphics, Monday Inspiration},
	pages = 2008,
	title = {Data visualization and infographics},
	volume = 14,
	year = 2008
}

@book{Tufte1997Visual,
	author = {Tufte, Edward R. and Weise Moeller, E.},
	publisher = {Graphics Press Cheshire, CT},
	shorttitle = {Visual explanations},
	title = {Visual explanations: images and quantities, evidence and narrative},
	url = {http://nabe-web.com/publib/be/980272.pdf},
	volume = 36,
	year = 1997
}
